source,config,encoder,preset,quality,source_bytes,output_bytes,size_pct,encode_seconds,vmaf_mean,vmaf_min,vmaf_p1,cambi_mean,cambi_max
"/media/tv/Frieren - Beyond Journey's End/Season 1/Frieren - Beyond Journey's End - S01E05 - Phantoms of the Dead Bluray-1080p.mkv","x265-slow-18","libx265","slow","18",1361706237,971408563,71.34,1980,76.371201,0.000000,0.000000,0.008982,6.568155
"/media/tv/Frieren - Beyond Journey's End/Season 1/Frieren - Beyond Journey's End - S01E05 - Phantoms of the Dead Bluray-1080p.mkv","x265-slow-20","libx265","slow","20",1361706237,711404121,52.24,1801,76.120681,0.000000,0.000000,0.014330,6.478587
"/media/tv/Frieren - Beyond Journey's End/Season 1/Frieren - Beyond Journey's End - S01E05 - Phantoms of the Dead Bluray-1080p.mkv","x265-slow-22","libx265","slow","22",1361706237,504630135,37.06,1651,75.769911,0.000000,0.000000,0.034639,6.313029
"/media/tv/Frieren - Beyond Journey's End/Season 1/Frieren - Beyond Journey's End - S01E05 - Phantoms of the Dead Bluray-1080p.mkv","x265-medium-20","libx265","medium","20",1361706237,572488995,42.04,860,75.655311,0.000000,0.000000,0.031534,6.243104
"/media/tv/Frieren - Beyond Journey's End/Season 1/Frieren - Beyond Journey's End - S01E05 - Phantoms of the Dead Bluray-1080p.mkv","nvenc-p7hq-24","hevc_nvenc","p7hq","24",1361706237,610180259,44.81,239,75.499792,0.000000,0.000000,0.128848,5.933593
"/media/tv/Frieren - Beyond Journey's End/Season 1/Frieren - Beyond Journey's End - S01E05 - Phantoms of the Dead Bluray-1080p.mkv","nvenc-p7hq-28","hevc_nvenc","p7hq","28",1361706237,334283185,24.55,237,74.469503,0.000000,0.000000,0.418763,7.041126
"/media/tv/Frieren - Beyond Journey's End/Season 1/Frieren - Beyond Journey's End - S01E05 - Phantoms of the Dead Bluray-1080p.mkv","nvenc-p7hq-32","hevc_nvenc","p7hq","32",1361706237,202788206,14.89,237,72.752327,0.000000,0.000000,0.548132,6.436212
"/media/tv/Frieren - Beyond Journey's End/Season 1/Frieren - Beyond Journey's End - S01E05 - Phantoms of the Dead Bluray-1080p.mkv","nvenc-p4hq-28","hevc_nvenc","p4hq","28",1361706237,339589837,24.94,97,74.336432,0.000000,0.000000,0.418990,7.014237
"/media/tv/Demon Slayer - Kimetsu no Yaiba/Season 1/Demon Slayer- Kimetsu no Yaiba - S01E05 - My Own Steel Bluray-1080p.mkv","x265-slow-18","libx265","slow","18",1846228371,587051202,31.80,1765,97.143241,87.543202,92.786301,0.618079,7.150576
"/media/tv/Demon Slayer - Kimetsu no Yaiba/Season 1/Demon Slayer- Kimetsu no Yaiba - S01E05 - My Own Steel Bluray-1080p.mkv","x265-slow-20","libx265","slow","20",1846228371,414462001,22.45,1643,96.812259,86.240703,91.574310,0.806141,7.397348
"/media/tv/Demon Slayer - Kimetsu no Yaiba/Season 1/Demon Slayer- Kimetsu no Yaiba - S01E05 - My Own Steel Bluray-1080p.mkv","x265-slow-22","libx265","slow","22",1846228371,297885654,16.13,1565,96.388834,84.400079,90.609644,0.919913,7.455580
"/media/tv/Demon Slayer - Kimetsu no Yaiba/Season 1/Demon Slayer- Kimetsu no Yaiba - S01E05 - My Own Steel Bluray-1080p.mkv","x265-medium-20","libx265","medium","20",1846228371,348623398,18.88,804,96.240185,84.457339,90.860897,0.902249,7.360254
"/media/tv/Demon Slayer - Kimetsu no Yaiba/Season 1/Demon Slayer- Kimetsu no Yaiba - S01E05 - My Own Steel Bluray-1080p.mkv","nvenc-p7hq-24","hevc_nvenc","p7hq","24",1846228371,413291332,22.39,228,96.310334,41.640751,90.195010,1.052205,8.096995
"/media/tv/Demon Slayer - Kimetsu no Yaiba/Season 1/Demon Slayer- Kimetsu no Yaiba - S01E05 - My Own Steel Bluray-1080p.mkv","nvenc-p7hq-28","hevc_nvenc","p7hq","28",1846228371,245988650,13.32,228,95.037839,40.693738,87.524528,1.282974,8.000164
"/media/tv/Demon Slayer - Kimetsu no Yaiba/Season 1/Demon Slayer- Kimetsu no Yaiba - S01E05 - My Own Steel Bluray-1080p.mkv","nvenc-p7hq-32","hevc_nvenc","p7hq","32",1846228371,159847375,8.66,227,92.866979,36.826440,80.779621,1.409076,8.492019
"/media/tv/Demon Slayer - Kimetsu no Yaiba/Season 1/Demon Slayer- Kimetsu no Yaiba - S01E05 - My Own Steel Bluray-1080p.mkv","nvenc-p4hq-28","hevc_nvenc","p4hq","28",1846228371,251542024,13.62,94,94.858468,40.845685,87.064004,1.294232,8.010784
"/media/tv/Cowboy Bebop/Season 1/Cowboy Bebop - S01E05 - Session #9 - Jamming with Edward HDTV-1080p.mkv","x265-slow-18","libx265","slow","18",2222060920,1936484259,87.15,2197,97.226226,89.479156,94.829650,0.401965,23.800701
"/media/tv/Cowboy Bebop/Season 1/Cowboy Bebop - S01E05 - Session #9 - Jamming with Edward HDTV-1080p.mkv","x265-slow-20","libx265","slow","20",2222060920,1386356134,62.39,2261,96.554882,88.212912,93.550803,0.436273,23.578365
"/media/tv/Cowboy Bebop/Season 1/Cowboy Bebop - S01E05 - Session #9 - Jamming with Edward HDTV-1080p.mkv","x265-slow-22","libx265","slow","22",2222060920,955406198,43.00,1715,95.792323,84.736190,91.878258,0.503500,23.438779
"/media/tv/Cowboy Bebop/Season 1/Cowboy Bebop - S01E05 - Session #9 - Jamming with Edward HDTV-1080p.mkv","x265-medium-20","libx265","medium","20",2222060920,1073186299,48.30,894,95.716496,84.758298,91.730245,0.494195,23.841745
"/media/tv/Cowboy Bebop/Season 1/Cowboy Bebop - S01E05 - Session #9 - Jamming with Edward HDTV-1080p.mkv","nvenc-p7hq-24","hevc_nvenc","p7hq","24",2222060920,920064744,41.41,182,95.233719,46.937129,86.473328,0.851962,23.851195
"/media/tv/Cowboy Bebop/Season 1/Cowboy Bebop - S01E05 - Session #9 - Jamming with Edward HDTV-1080p.mkv","nvenc-p7hq-28","hevc_nvenc","p7hq","28",2222060920,540975775,24.35,180,93.681801,48.548329,81.835395,1.068893,20.645621
"/media/tv/Cowboy Bebop/Season 1/Cowboy Bebop - S01E05 - Session #9 - Jamming with Edward HDTV-1080p.mkv","nvenc-p7hq-32","hevc_nvenc","p7hq","32",2222060920,319554409,14.38,180,91.157157,35.809722,74.625215,1.252505,13.347742
"/media/tv/Cowboy Bebop/Season 1/Cowboy Bebop - S01E05 - Session #9 - Jamming with Edward HDTV-1080p.mkv","nvenc-p4hq-28","hevc_nvenc","p4hq","28",2222060920,543365785,24.45,76,93.499286,47.653780,81.771733,1.066817,20.531835
"/media/tv/Cells at Work!/Season 1/Cells at Work! - S01E05 - Cedar Pollen Allergies HDTV-1080p.mkv","x265-slow-18","libx265","slow","18",1300163196,1009854815,77.67,2507,83.213160,0.000000,0.000000,0.092247,19.255898
"/media/tv/Cells at Work!/Season 1/Cells at Work! - S01E05 - Cedar Pollen Allergies HDTV-1080p.mkv","x265-slow-20","libx265","slow","20",1300163196,709317000,54.56,2270,82.968039,0.000000,0.000000,0.099768,18.489730
"/media/tv/Cells at Work!/Season 1/Cells at Work! - S01E05 - Cedar Pollen Allergies HDTV-1080p.mkv","x265-slow-22","libx265","slow","22",1300163196,502301608,38.63,2091,82.670804,0.000000,0.000000,0.141675,17.552521
"/media/tv/Cells at Work!/Season 1/Cells at Work! - S01E05 - Cedar Pollen Allergies HDTV-1080p.mkv","x265-medium-20","libx265","medium","20",1300163196,592924910,45.60,1016,82.522976,0.000000,0.000000,0.162148,18.309958
"/media/tv/Cells at Work!/Season 1/Cells at Work! - S01E05 - Cedar Pollen Allergies HDTV-1080p.mkv","nvenc-p7hq-24","hevc_nvenc","p7hq","24",1300163196,701466727,53.95,231,82.499935,0.000000,0.000000,0.227311,15.150610
"/media/tv/Cells at Work!/Season 1/Cells at Work! - S01E05 - Cedar Pollen Allergies HDTV-1080p.mkv","nvenc-p7hq-28","hevc_nvenc","p7hq","28",1300163196,382746140,29.44,230,81.498220,0.000000,0.000000,0.412164,13.783089
"/media/tv/Cells at Work!/Season 1/Cells at Work! - S01E05 - Cedar Pollen Allergies HDTV-1080p.mkv","nvenc-p7hq-32","hevc_nvenc","p7hq","32",1300163196,233365253,17.95,229,79.664727,0.000000,0.000000,0.563796,10.208948
"/media/tv/Cells at Work!/Season 1/Cells at Work! - S01E05 - Cedar Pollen Allergies HDTV-1080p.mkv","nvenc-p4hq-28","hevc_nvenc","p4hq","28",1300163196,389228615,29.94,97,81.344937,0.000000,0.000000,0.418244,14.100222
"/media/tv/Fire Force/Season 1/Fire Force - S01E05 - The Battle Begins WEBDL-1080p.mkv","x265-slow-18","libx265","slow","18",1712391412,584267178,34.12,1797,86.066267,0.000000,0.000000,1.132390,17.644753
"/media/tv/Fire Force/Season 1/Fire Force - S01E05 - The Battle Begins WEBDL-1080p.mkv","x265-slow-20","libx265","slow","20",1712391412,389268940,22.73,1630,85.839090,0.000000,0.000000,1.278836,16.352031
"/media/tv/Fire Force/Season 1/Fire Force - S01E05 - The Battle Begins WEBDL-1080p.mkv","x265-slow-22","libx265","slow","22",1712391412,275108388,16.07,1533,85.548808,0.000000,0.000000,1.443815,15.170843
"/media/tv/Fire Force/Season 1/Fire Force - S01E05 - The Battle Begins WEBDL-1080p.mkv","x265-medium-20","libx265","medium","20",1712391412,341241753,19.93,779,85.498504,0.000000,0.000000,1.253626,16.385806
"/media/tv/Fire Force/Season 1/Fire Force - S01E05 - The Battle Begins WEBDL-1080p.mkv","nvenc-p7hq-24","hevc_nvenc","p7hq","24",1712391412,471113147,27.51,283,85.697925,0.000000,0.000000,1.315274,9.751984
"/media/tv/Fire Force/Season 1/Fire Force - S01E05 - The Battle Begins WEBDL-1080p.mkv","nvenc-p7hq-28","hevc_nvenc","p7hq","28",1712391412,255502243,14.92,246,84.880420,0.000000,0.000000,1.675833,9.112879
"/media/tv/Fire Force/Season 1/Fire Force - S01E05 - The Battle Begins WEBDL-1080p.mkv","nvenc-p7hq-32","hevc_nvenc","p7hq","32",1712391412,165133622,9.64,241,83.490370,0.000000,0.000000,1.849473,9.702146
"/media/tv/Fire Force/Season 1/Fire Force - S01E05 - The Battle Begins WEBDL-1080p.mkv","nvenc-p4hq-28","hevc_nvenc","p4hq","28",1712391412,261930384,15.30,105,84.729015,0.000000,0.000000,1.715776,9.080772
"/media/tv/Frieren - Beyond Journey's End/Season 1/Frieren - Beyond Journey's End - S01E05 - Phantoms of the Dead Bluray-1080p.mkv","x265-slow-19","libx265","slow","19",1361706237,836759150,61.45,1956,76.256625,0.000000,0.000000,0.011027,6.479790
"/media/tv/Frieren - Beyond Journey's End/Season 1/Frieren - Beyond Journey's End - S01E05 - Phantoms of the Dead Bluray-1080p.mkv","x265-slow-21","libx265","slow","21",1361706237,600440458,44.09,1787,75.958574,0.000000,0.000000,0.020397,6.466661
"/media/tv/Frieren - Beyond Journey's End/Season 1/Frieren - Beyond Journey's End - S01E05 - Phantoms of the Dead Bluray-1080p.mkv","x265-slower-20","libx265","slower","20",1361706237,717853509,52.72,6507,76.175423,0.000000,0.000000,0.010017,6.466326
"/media/tv/Frieren - Beyond Journey's End/Season 1/Frieren - Beyond Journey's End - S01E05 - Phantoms of the Dead Bluray-1080p.mkv","nvenc-p7hq-22","hevc_nvenc","p7hq","22",1361706237,814704560,59.83,240,75.840644,0.000000,0.000000,0.070178,5.877408
"/media/tv/Frieren - Beyond Journey's End/Season 1/Frieren - Beyond Journey's End - S01E05 - Phantoms of the Dead Bluray-1080p.mkv","nvenc-p7hq-26","hevc_nvenc","p7hq","26",1361706237,456577052,33.53,238,75.063669,0.000000,0.000000,0.223826,6.010220
"/media/tv/Demon Slayer - Kimetsu no Yaiba/Season 1/Demon Slayer- Kimetsu no Yaiba - S01E05 - My Own Steel Bluray-1080p.mkv","x265-slow-19","libx265","slow","19",1846228371,492229729,26.66,1653,96.987879,86.948136,92.203193,0.718252,7.298849
"/media/tv/Demon Slayer - Kimetsu no Yaiba/Season 1/Demon Slayer- Kimetsu no Yaiba - S01E05 - My Own Steel Bluray-1080p.mkv","x265-slow-21","libx265","slow","21",1846228371,350264632,18.97,1564,96.615954,85.686013,90.962442,0.870905,7.487498
"/media/tv/Demon Slayer - Kimetsu no Yaiba/Season 1/Demon Slayer- Kimetsu no Yaiba - S01E05 - My Own Steel Bluray-1080p.mkv","x265-slower-20","libx265","slower","20",1846228371,408065503,22.10,5359,96.906217,86.554835,91.607903,0.616160,7.257249
"/media/tv/Demon Slayer - Kimetsu no Yaiba/Season 1/Demon Slayer- Kimetsu no Yaiba - S01E05 - My Own Steel Bluray-1080p.mkv","nvenc-p7hq-22","hevc_nvenc","p7hq","22",1846228371,532884415,28.86,230,96.666860,44.472275,90.723234,0.913537,7.981744
"/media/tv/Demon Slayer - Kimetsu no Yaiba/Season 1/Demon Slayer- Kimetsu no Yaiba - S01E05 - My Own Steel Bluray-1080p.mkv","nvenc-p7hq-26","hevc_nvenc","p7hq","26",1846228371,322128257,17.45,229,95.806566,44.508407,89.247046,1.180181,8.116827
"/media/tv/Cowboy Bebop/Season 1/Cowboy Bebop - S01E05 - Session #9 - Jamming with Edward HDTV-1080p.mkv","x265-slow-19","libx265","slow","19",2222060920,1648323500,74.18,2031,96.911518,89.022937,94.228747,0.416284,23.686902
"/media/tv/Cowboy Bebop/Season 1/Cowboy Bebop - S01E05 - Session #9 - Jamming with Edward HDTV-1080p.mkv","x265-slow-21","libx265","slow","21",2222060920,1156325347,52.04,1823,96.181339,86.484259,92.757646,0.463691,23.626344
"/media/tv/Cowboy Bebop/Season 1/Cowboy Bebop - S01E05 - Session #9 - Jamming with Edward HDTV-1080p.mkv","x265-slower-20","libx265","slower","20",2222060920,1396547600,62.85,7484,96.668814,88.397653,93.756898,0.414997,23.533259
"/media/tv/Cowboy Bebop/Season 1/Cowboy Bebop - S01E05 - Session #9 - Jamming with Edward HDTV-1080p.mkv","nvenc-p7hq-22","hevc_nvenc","p7hq","22",2222060920,1197650426,53.90,182,95.839515,44.014462,87.900023,0.743373,23.923914
"/media/tv/Cowboy Bebop/Season 1/Cowboy Bebop - S01E05 - Session #9 - Jamming with Edward HDTV-1080p.mkv","nvenc-p7hq-26","hevc_nvenc","p7hq","26",2222060920,710846705,31.99,181,94.565558,47.053198,84.430934,0.960246,20.808209
"/media/tv/Cells at Work!/Season 1/Cells at Work! - S01E05 - Cedar Pollen Allergies HDTV-1080p.mkv","x265-slow-19","libx265","slow","19",1300163196,844799540,64.98,2355,83.092382,0.000000,0.000000,0.093192,18.632509
"/media/tv/Cells at Work!/Season 1/Cells at Work! - S01E05 - Cedar Pollen Allergies HDTV-1080p.mkv","x265-slow-21","libx265","slow","21",1300163196,594873814,45.75,2145,82.830162,0.000000,0.000000,0.111933,18.263745
"/media/tv/Cells at Work!/Season 1/Cells at Work! - S01E05 - Cedar Pollen Allergies HDTV-1080p.mkv","x265-slower-20","libx265","slower","20",1300163196,703779081,54.13,8100,83.020942,0.000000,0.000000,0.090248,18.606599
"/media/tv/Cells at Work!/Season 1/Cells at Work! - S01E05 - Cedar Pollen Allergies HDTV-1080p.mkv","nvenc-p7hq-22","hevc_nvenc","p7hq","22",1300163196,993502225,76.41,231,82.832008,0.000000,0.000000,0.175923,16.122285
"/media/tv/Cells at Work!/Season 1/Cells at Work! - S01E05 - Cedar Pollen Allergies HDTV-1080p.mkv","nvenc-p7hq-26","hevc_nvenc","p7hq","26",1300163196,519010698,39.92,229,82.079152,0.000000,0.000000,0.310222,14.292327
"/media/tv/Fire Force/Season 1/Fire Force - S01E05 - The Battle Begins WEBDL-1080p.mkv","x265-slow-19","libx265","slow","19",1712391412,474798425,27.73,1702,85.959627,0.000000,0.000000,1.195706,16.967522
"/media/tv/Fire Force/Season 1/Fire Force - S01E05 - The Battle Begins WEBDL-1080p.mkv","x265-slow-21","libx265","slow","21",1712391412,324339777,18.94,1532,85.704073,0.000000,0.000000,1.366517,16.040583
"/media/tv/Fire Force/Season 1/Fire Force - S01E05 - The Battle Begins WEBDL-1080p.mkv","x265-slower-20","libx265","slower","20",1712391412,393123402,22.96,5391,85.893912,0.000000,0.000000,1.093428,17.358716
"/media/tv/Fire Force/Season 1/Fire Force - S01E05 - The Battle Begins WEBDL-1080p.mkv","nvenc-p7hq-22","hevc_nvenc","p7hq","22",1712391412,656688772,38.35,238,85.925226,0.000000,0.000000,1.196606,12.445755
"/media/tv/Fire Force/Season 1/Fire Force - S01E05 - The Battle Begins WEBDL-1080p.mkv","nvenc-p7hq-26","hevc_nvenc","p7hq","26",1712391412,348303381,20.34,231,85.378996,0.000000,0.000000,1.487769,9.039489
"/media/tv/Frieren - Beyond Journey's End/Season 1/Frieren - Beyond Journey's End - S01E05 - Phantoms of the Dead Bluray-1080p.mkv","x265-slow-17","libx265","slow","17",1361706237,1109981815,81.51,2096,76.464144,0.000000,0.000000,0.007158,6.562186
"/media/tv/Frieren - Beyond Journey's End/Season 1/Frieren - Beyond Journey's End - S01E05 - Phantoms of the Dead Bluray-1080p.mkv","x265-slow-16","libx265","slow","16",1361706237,1254560805,92.13,2206,76.539943,0.000000,0.000000,0.005657,6.549597
"/media/tv/Frieren - Beyond Journey's End/Season 1/Frieren - Beyond Journey's End - S01E05 - Phantoms of the Dead Bluray-1080p.mkv","x265-slow-18-psyrd15","libx265","slow","psyrd15",1361706237,1010188312,74.19,2042,76.403492,0.000000,0.000000,0.006532,6.515342
"/media/tv/Frieren - Beyond Journey's End/Season 1/Frieren - Beyond Journey's End - S01E05 - Phantoms of the Dead Bluray-1080p.mkv","x265-slow-20-psyrd15","libx265","slow","psyrd15",1361706237,746615752,54.83,1840,76.153252,0.000000,0.000000,0.009509,6.520978
"/media/tv/Frieren - Beyond Journey's End/Season 1/Frieren - Beyond Journey's End - S01E05 - Phantoms of the Dead Bluray-1080p.mkv","x265-slow-18-tune-anim","libx265","slow","anim",1361706237,605289138,44.45,1647,76.147491,0.000000,0.000000,0.221057,6.376290
"/media/tv/Demon Slayer - Kimetsu no Yaiba/Season 1/Demon Slayer- Kimetsu no Yaiba - S01E05 - My Own Steel Bluray-1080p.mkv","x265-slow-17","libx265","slow","17",1846228371,702240601,38.04,1787,97.278211,88.264263,93.411812,0.516195,7.026886
"/media/tv/Cells at Work!/Season 1/Cells at Work! - S01E05 - Cedar Pollen Allergies HDTV-1080p.mkv","x265-slow-17","libx265","slow","17",1300163196,1197258342,92.09,2651,83.319151,0.000000,0.000000,0.094297,19.196550
"/media/tv/Cells at Work!/Season 1/Cells at Work! - S01E05 - Cedar Pollen Allergies HDTV-1080p.mkv","x265-slow-16","libx265","slow","16",1300163196,1410375026,108.48,2783,83.412978,0.000000,0.000000,0.098877,19.489469
"/media/tv/Cowboy Bebop/Season 1/Cowboy Bebop - S01E05 - Session #9 - Jamming with Edward HDTV-1080p.mkv","x265-slow-17","libx265","slow","17",2222060920,2249129347,101.22,2268,97.493821,90.143140,95.306091,0.392042,23.914353
"/media/tv/Cowboy Bebop/Season 1/Cowboy Bebop - S01E05 - Session #9 - Jamming with Edward HDTV-1080p.mkv","x265-slow-16","libx265","slow","16",2222060920,2587731142,116.46,2373,97.717174,90.975218,95.709784,0.386063,23.767848
"/media/tv/Cells at Work!/Season 1/Cells at Work! - S01E05 - Cedar Pollen Allergies HDTV-1080p.mkv","x265-slow-18-psyrd15","libx265","slow","psyrd15",1300163196,1076929802,82.83,2604,83.241231,0.000000,0.000000,0.081216,19.253095
"/media/tv/Cowboy Bebop/Season 1/Cowboy Bebop - S01E05 - Session #9 - Jamming with Edward HDTV-1080p.mkv","x265-slow-18-psyrd15","libx265","slow","psyrd15",2222060920,2022214622,91.01,2194,97.261752,89.993974,94.922203,0.345084,23.753020
"/media/tv/Cells at Work!/Season 1/Cells at Work! - S01E05 - Cedar Pollen Allergies HDTV-1080p.mkv","x265-slow-20-psyrd15","libx265","slow","psyrd15",1300163196,759406262,58.41,2538,83.000680,0.000000,0.000000,0.077177,18.539778
"/media/tv/Cowboy Bebop/Season 1/Cowboy Bebop - S01E05 - Session #9 - Jamming with Edward HDTV-1080p.mkv","x265-slow-20-psyrd15","libx265","slow","psyrd15",2222060920,1472458966,66.27,1967,96.616478,88.566682,93.683706,0.357987,23.612203
"/media/tv/Cells at Work!/Season 1/Cells at Work! - S01E05 - Cedar Pollen Allergies HDTV-1080p.mkv","x265-slow-18-tune-anim","libx265","slow","anim",1300163196,639035629,49.15,2169,82.992374,0.000000,0.000000,0.323379,11.843794
"/media/tv/Cowboy Bebop/Season 1/Cowboy Bebop - S01E05 - Session #9 - Jamming with Edward HDTV-1080p.mkv","x265-slow-18-tune-anim","libx265","slow","anim",2222060920,1387534822,62.44,1876,96.904078,86.038651,93.664498,0.791900,12.091066
"/media/tv/Fire Force/Season 1/Fire Force - S01E05 - The Battle Begins WEBDL-1080p.mkv","x265-slow-17","libx265","slow","17",1712391412,719030799,41.99,1992,86.163336,0.000000,0.000000,1.089659,17.634025
"/media/tv/Fire Force/Season 1/Fire Force - S01E05 - The Battle Begins WEBDL-1080p.mkv","x265-slow-16","libx265","slow","16",1712391412,879444183,51.36,1964,86.246920,0.000000,0.000000,1.063733,17.984777
"/media/tv/Fire Force/Season 1/Fire Force - S01E05 - The Battle Begins WEBDL-1080p.mkv","x265-slow-18-psyrd15","libx265","slow","psyrd15",1712391412,624536814,36.47,1797,86.080120,0.000000,0.000000,0.988267,17.539370
"/media/tv/Fire Force/Season 1/Fire Force - S01E05 - The Battle Begins WEBDL-1080p.mkv","x265-slow-20-psyrd15","libx265","slow","psyrd15",1712391412,417500311,24.38,1622,85.865537,0.000000,0.000000,1.101343,16.718976
"/media/tv/Fire Force/Season 1/Fire Force - S01E05 - The Battle Begins WEBDL-1080p.mkv","x265-slow-18-tune-anim","libx265","slow","anim",1712391412,324606470,18.96,1428,85.792579,0.000000,0.000000,1.614521,9.112279
"/media/tv/Cells at Work!/Season 1/Cells at Work! - S01E05 - Cedar Pollen Allergies HDTV-1080p.mkv","svtav1-p2-28","libsvtav1","p2","28",1300163196,311792525,23.98,3033,82.686923,0.000000,0.000000,0.600354,7.272902
"/media/tv/Cowboy Bebop/Season 1/Cowboy Bebop - S01E05 - Session #9 - Jamming with Edward HDTV-1080p.mkv","svtav1-p2-28","libsvtav1","p2","28",2222060920,485015846,21.83,3191,95.910610,75.513311,90.409516,1.314449,7.631319
"/media/tv/Cowboy Bebop/Season 1/Cowboy Bebop - S01E05 - Session #9 - Jamming with Edward HDTV-1080p.mkv","svtav1-p4-26","libsvtav1","p4","26",2222060920,545251922,24.54,579,95.664210,75.516473,90.024175,1.285248,8.051747
"/media/tv/Cells at Work!/Season 1/Cells at Work! - S01E05 - Cedar Pollen Allergies HDTV-1080p.mkv","svtav1-p4-26","libsvtav1","p4","26",1300163196,349236423,26.86,692,82.495674,0.000000,0.000000,0.586850,7.571500
"/media/tv/Cowboy Bebop/Season 1/Cowboy Bebop - S01E05 - Session #9 - Jamming with Edward HDTV-1080p.mkv","svtav1-p4-28","libsvtav1","p4","28",2222060920,462817161,20.83,585,95.355310,74.728392,89.026401,1.318868,7.606220
"/media/tv/Cells at Work!/Season 1/Cells at Work! - S01E05 - Cedar Pollen Allergies HDTV-1080p.mkv","svtav1-p4-28","libsvtav1","p4","28",1300163196,309945375,23.84,683,82.368821,0.000000,0.000000,0.596062,7.283233
"/media/tv/Cowboy Bebop/Season 1/Cowboy Bebop - S01E05 - Session #9 - Jamming with Edward HDTV-1080p.mkv","svtav1-p4-30","libsvtav1","p4","30",2222060920,413046748,18.59,580,95.095933,73.625116,88.127820,1.341661,7.135922
"/media/tv/Cells at Work!/Season 1/Cells at Work! - S01E05 - Cedar Pollen Allergies HDTV-1080p.mkv","svtav1-p4-30","libsvtav1","p4","30",1300163196,279833212,21.52,682,82.239742,0.000000,0.000000,0.600891,7.304659
"/media/tv/Cowboy Bebop/Season 1/Cowboy Bebop - S01E05 - Session #9 - Jamming with Edward HDTV-1080p.mkv","svtav1-p6-28","libsvtav1","p6","28",2222060920,563537612,25.36,318,95.428162,75.661772,89.284012,1.227593,7.323691
"/media/tv/Cells at Work!/Season 1/Cells at Work! - S01E05 - Cedar Pollen Allergies HDTV-1080p.mkv","svtav1-p6-28","libsvtav1","p6","28",1300163196,355490870,27.34,360,82.235384,0.000000,0.000000,0.576999,7.920157
"/media/tv/Fire Force/Season 1/Fire Force - S01E05 - The Battle Begins WEBDL-1080p.mkv","svtav1-p2-28","libsvtav1","p2","28",1712391412,203579162,11.89,2242,85.966631,0.000000,0.000000,1.957475,7.128498
"/media/tv/Fire Force/Season 1/Fire Force - S01E05 - The Battle Begins WEBDL-1080p.mkv","svtav1-p4-26","libsvtav1","p4","26",1712391412,248529272,14.51,585,85.940031,0.000000,0.000000,1.877079,7.164783
"/media/tv/Fire Force/Season 1/Fire Force - S01E05 - The Battle Begins WEBDL-1080p.mkv","svtav1-p4-28","libsvtav1","p4","28",1712391412,223767006,13.07,620,85.868555,0.000000,0.000000,1.896388,7.293620
"/media/tv/Fire Force/Season 1/Fire Force - S01E05 - The Battle Begins WEBDL-1080p.mkv","svtav1-p4-30","libsvtav1","p4","30",1712391412,204767388,11.96,641,85.796387,0.000000,0.000000,1.919657,7.695082
"/media/tv/Fire Force/Season 1/Fire Force - S01E05 - The Battle Begins WEBDL-1080p.mkv","svtav1-p6-28","libsvtav1","p6","28",1712391412,232654314,13.59,323,85.737615,0.000000,0.000000,1.888829,7.453640
"/media/tv/Monogatari/Season 2/Monogatari - S02E02 - Karen Bee - Part 2 Bluray-1080p.mkv","x265-slow-20","libx265","slow","20",1615446557,622625125,38.54,1713,97.181637,81.631238,95.152094,0.633592,6.588786
"/media/tv/Monogatari/Season 2/Monogatari - S02E02 - Karen Bee - Part 2 Bluray-1080p.mkv","svtav1-p2-28","libsvtav1","p2","28",1615446557,433211325,26.82,2470,97.424346,80.603604,94.321999,0.768064,7.391226
"/media/tv/Monogatari/Season 2/Monogatari - S02E02 - Karen Bee - Part 2 Bluray-1080p.mkv","svtav1-p4-26","libsvtav1","p4","26",1615446557,501528060,31.05,614,97.432068,80.603604,94.277015,0.729565,7.827690
"/media/tv/Monogatari/Season 2/Monogatari - S02E02 - Karen Bee - Part 2 Bluray-1080p.mkv","x265-slow-21","libx265","slow","21",1615446557,559780298,34.65,1664,97.024675,81.573876,94.779597,0.633025,6.919045
"/media/tv/Monogatari/Season 2/Monogatari - S02E02 - Karen Bee - Part 2 Bluray-1080p.mkv","svtav1-p4-28","libsvtav1","p4","28",1615446557,458212623,28.36,622,97.344482,80.603604,93.864699,0.743449,8.061347
"/media/tv/Monogatari/Season 2/Monogatari - S02E02 - Karen Bee - Part 2 Bluray-1080p.mkv","svtav1-p4-30","libsvtav1","p4","30",1615446557,425247603,26.32,642,97.255128,80.752910,93.449010,0.754489,8.075069
"/media/tv/Monogatari/Season 2/Monogatari - S02E02 - Karen Bee - Part 2 Bluray-1080p.mkv","x265-slow-22","libx265","slow","22",1615446557,506734094,31.37,1663,96.847102,81.618168,94.336353,0.637529,7.195281
"/media/tv/Monogatari/Season 2/Monogatari - S02E02 - Karen Bee - Part 2 Bluray-1080p.mkv","svtav1-p6-28","libsvtav1","p6","28",1615446557,498400064,30.85,328,97.181698,81.138776,93.571090,0.770278,8.734075
"/media/tv/Monogatari/Season 2/Monogatari - S02E02 - Karen Bee - Part 2 Bluray-1080p.mkv","x265-medium-20","libx265","medium","20",1615446557,580340444,35.92,840,96.835337,81.549257,93.882760,0.616715,6.936152
"/media/tv/Monogatari/Season 2/Monogatari - S02E02 - Karen Bee - Part 2 Bluray-1080p.mkv","x265-slow-17","libx265","slow","17",1615446557,913672656,56.56,1837,97.549248,83.487508,95.988282,0.352220,5.833544
"/media/tv/Monogatari/Season 2/Monogatari - S02E02 - Karen Bee - Part 2 Bluray-1080p.mkv","x265-slow-18","libx265","slow","18",1615446557,794477074,49.18,1829,97.444920,83.570879,95.749204,0.439883,6.157919
"/media/tv/Monogatari/Season 2/Monogatari - S02E02 - Karen Bee - Part 2 Bluray-1080p.mkv","x265-slow-19","libx265","slow","19",1615446557,698705040,43.25,1749,97.321788,82.360986,95.472607,0.598385,6.658559
"/media/tv/Monogatari/Season 2/Monogatari - S02E02 - Karen Bee - Part 2 Bluray-1080p.mkv","nvenc-p7hq-24","hevc_nvenc","p7hq","24",1615446557,573688409,35.51,240,96.984936,81.054108,93.067513,0.644326,7.628190
"/media/tv/Monogatari/Season 2/Monogatari - S02E02 - Karen Bee - Part 2 Bluray-1080p.mkv","nvenc-p7hq-28","hevc_nvenc","p7hq","28",1615446557,404956451,25.07,240,96.084179,74.615928,89.357754,0.772155,8.038008
